<record><leader>00000cas a2200000 a 4500</leader><controlfield tag="001">11905665</controlfield><controlfield tag="008">850411d18721880ohuwr ne      0    0eng c</controlfield><datafield ind1=" " ind2=" " tag="010"><subfield code="a">sn 85025760 </subfield></datafield><datafield ind1=" " ind2=" " tag="040"><subfield code="a">NPX</subfield><subfield code="b">eng</subfield><subfield code="c">NPX</subfield><subfield code="d">NPU</subfield><subfield code="d">YOX</subfield><subfield code="d">NPI</subfield><subfield code="d">ONP</subfield><subfield code="d">YOX</subfield><subfield code="d">NVF</subfield><subfield code="d">OCLCQ</subfield><subfield code="d">KRTAS</subfield><subfield code="d">OCLCQ</subfield><subfield code="d">OCLCF</subfield><subfield code="d">DLC</subfield><subfield code="d">OCLCO</subfield></datafield><datafield ind1="1" ind2=" " tag="029"><subfield code="a">AU@</subfield><subfield code="b">000004530311</subfield></datafield><datafield ind1=" " ind2=" " tag="042"><subfield code="a">pcc</subfield></datafield><datafield ind1=" " ind2=" " tag="043"><subfield code="a">n-us-oh</subfield></datafield><datafield ind1="0" ind2="4" tag="245"><subfield code="a">The Cincinnati weekly star.</subfield></datafield><datafield ind1=" " ind2=" " tag="260"><subfield code="a">Cincinnati [Ohio :</subfield><subfield code="b">Cincinnati Star Pub. Co.],</subfield><subfield code="c">1872-1880.</subfield></datafield><datafield ind1=" " ind2=" " tag="300"><subfield code="a">v.</subfield></datafield><datafield ind1=" " ind2=" " tag="310"><subfield code="a">Weekly</subfield></datafield><datafield ind1="0" ind2=" " tag="362"><subfield code="a">Vol. 1, no. 1 (Mar. 14, 1872)-v. 17, no. 25 (June 23, 1880).</subfield></datafield><datafield ind1=" " ind2=" " tag="500"><subfield code="a">"Cincinnati" and "weekly" appear in the title ornament.</subfield></datafield><datafield ind1=" " ind2=" " tag="530"><subfield code="a">Also issued on microfilm from the New York Public Library.</subfield></datafield><datafield ind1=" " ind2=" " tag="580"><subfield code="a">Daily eds.: Evening star (Cincinnati, Ohio), 1872-1874, and: Star (Cincinnati, Ohio), 1874-1875, and: Cincinnati daily star, 1875-1880.</subfield></datafield><datafield ind1=" " ind2="0" tag="651"><subfield code="a">Cincinnati (Ohio)</subfield><subfield code="v">Newspapers.</subfield></datafield><datafield ind1=" " ind2="7" tag="651"><subfield code="a">Ohio</subfield><subfield code="z">Cincinnati.</subfield><subfield code="2">fast</subfield><subfield code="0">(OCoLC)fst01205142</subfield></datafield><datafield ind1=" " ind2="7" tag="655"><subfield code="a">Newspapers.</subfield><subfield code="2">fast</subfield><subfield code="0">(OCoLC)fst01423814</subfield></datafield><datafield ind1=" " ind2=" " tag="752"><subfield code="a">United States</subfield><subfield code="b">Ohio</subfield><subfield code="c">Hamilton</subfield><subfield code="d">Cincinnati.</subfield></datafield><datafield ind1="1" ind2=" " tag="775"><subfield code="t">Evening star (Cincinnati, Ohio)</subfield><subfield code="w">(DLC)sn 87056711</subfield></datafield><datafield ind1="1" ind2=" " tag="775"><subfield code="t">Star (Cincinnati, Ohio)</subfield><subfield code="x">2376-2616</subfield><subfield code="w">(DLC)sn 87056710</subfield><subfield code="w">(OCoLC)16953366</subfield></datafield><datafield ind1="1" ind2=" " tag="775"><subfield code="t">Cincinnati daily star</subfield><subfield code="w">(DLC)sn 85025759</subfield></datafield><datafield ind1=" " ind2=" " tag="938"><subfield code="a">Kirtas Technologies, Inc.</subfield><subfield code="b">KRTS</subfield><subfield code="n">739120</subfield></datafield></record>